@online{Pytorch,
  author = {IBM},
  title = {Cos'Ã¨ PyTorch?},
  year = {2024},
  url = {https://www.ibm.com/it-it/topics/pytorch},
}

@book{FlutterBook,
  title={Flutter Complete Reference: Create beautiful, fast and native apps for any device},
  author={A. Miola},
  publisher={Independently published},
  year={2020},
  month={9},
  isbn={979-8691939952},
}

@online{Torch,
    title = {Torch (machine learning)},
    year = {2024},
    url = {https://en.wikipedia.org/wiki/Torch_(machine_learning)}
}